@book{gauss_seidel,
	author = {Steven Chapra},
	title = {Numerical Methods for Engeneers},
},